@misc{1606.01540,
        Author = {Greg Brockman and Vicki Cheung and Ludwig Pettersson and Jonas Schneider and John Schulman and Jie Tang and Wojciech Zaremba},
        Title = {OpenAI Gym},
        Year = {2016},
        Eprint = {arXiv:1606.01540},
}

@misc{gymgymat12:online, author = {}, title = {openai/gym on Gihub}, howpublished = {\url{https://github.com/openai/gym/tree/master/gym}}, month = {}, year = {}, note = {(Accessed on 01/25/2018)} }

@misc{OpenAIGy42:online,
author = {},
title = {OpenAI Gym},
howpublished = {\url{https://gym.openai.com/envs/FrozenLake-v0/}},
month = {},
year = {},
note = {(Accessed on 01/25/2018)}
}